% Encoding: windows-1252

@Electronic{SAPSE2018,
  author       = {SAP Global IT},
  year         = {2018},
  title        = {Overview | SAP Cloud Platform},
  language     = {English},
  organization = {SAP SE},
  url          = {https://cloudplatform.sap.com/index.html},
}

@Article{Beimborn2011,
  author    = {Beimborn, Daniel and Miletzki Thomas and Wenzel Stefan},
  title     = {Platform as a service (PaaS)},
  journal   = {wirtschaftsinformatik},
  year      = {2011},
  volume    = {53},
  number    = {6},
  pages     = {371-375},
  timestamp = {2018-12-04},
}

@Electronic{CloudScaleQA2018,
  author = {CloudScaleQA},
  month  = mar,
  year   = {2018},
  title  = {Continuous Integration \& Deployment (CI-CD): The Future Paradigm has arrived},
  url    = {https://medium.com/cloudscaleqa/continuous-integration-deployment-ci-cd-the-future-paradigm-has-arrived-8776ba34439e},
}

@Electronic{Matthew2018,
  author = {Matthew, Kane Parker},
  month  = apr,
  year   = {2018},
  title  = {What’s the Value of CI/CD?},
  url    = {https://builttoadapt.io/whats-the-value-of-ci-cd-c2e6c39450bd},
}

@Electronic{Fowler2006,
  author = {Fowler, Martin},
  month  = may,
  year   = {2006},
  title  = {Continuous Integration},
  url    = {http://www.dccia.ua.es/dccia/inf/asignaturas/MADS/2013-14/lecturas/10_Fowler_Continuous_Integration.pdf},
}

@Article{Claps2015,
  author  = {Claps, Gerry Gerard and Svensson, Richard Berntsson and Aurum, Aybüke},
  title   = {On the journey to continuous deployment: Technical and social challenges along the way},
  journal = {Information and software technology},
  year    = {2015},
  volume  = {57},
  pages   = {21-31},
  month   = jan,
}

@Electronic{Fowler2013,
  author = {Fowler, Martin},
  month  = may,
  year   = {2013},
  title  = {Continuous Delivery},
  url    = {https://martinfowler.com/bliki/ContinuousDelivery.html},
}

@Electronic{Kramer2018,
  author       = {Kramer, Wolfram},
  title        = {Continuous Integration (CI) Best Practices with SAP, CI/CD Practices},
  year         = {2018},
  url          = {https://developers.sap.com/tutorials/ci-best-practices-ci-cd.html},
  organization = {SAP},
  month        = feb,
}

@Electronic{GitLabPricing2019,
  author = {GitLab},
  title  = {GitLab pricing},
  year   = {2019},
  url    = {https://about.gitlab.com/pricing/},
}

@Electronic{SonatypeNexusPricing2019,
  author = {Sonatype},
  title  = {Nexus product pricing},
  year   = {2019},
  url    = {https://www.sonatype.com/nexus-product-pricing},
}

@Electronic{OBrien2010,
  author = {Tim OBrien},
  title  = {Nexus Open Source or Professional: Which One is Right for You?},
  year   = {2010},
  url    = {https://blog.sonatype.com/2010/01/nexus-open-source-or-professional-which-one-is-right-for-you/},
}

@Comment{jabref-meta: databaseType:biblatex;}
